<record><leader>00000cas a22000007a 4500</leader><controlfield tag="001">10946477</controlfield><controlfield tag="008">840713d18691891iauwr ne      0    0eng d</controlfield><datafield ind1=" " ind2=" " tag="010"><subfield code="a">sn 84027186 </subfield></datafield><datafield ind1=" " ind2=" " tag="040"><subfield code="a">NPU</subfield><subfield code="b">eng</subfield><subfield code="c">NPU</subfield><subfield code="d">NPX</subfield><subfield code="d">NPT</subfield><subfield code="d">INP</subfield><subfield code="d">NYS</subfield><subfield code="d">OCLCQ</subfield></datafield><datafield ind1=" " ind2=" " tag="042"><subfield code="a">msc</subfield></datafield><datafield ind1="0" ind2=" " tag="130"><subfield code="a">Buchanan County bulletin (Independence, Iowa : 1869)</subfield></datafield><datafield ind1="1" ind2="0" tag="245"><subfield code="a">Buchanan County bulletin.</subfield></datafield><datafield ind1="3" ind2="0" tag="246"><subfield code="a">Buchanan bulletin</subfield></datafield><datafield ind1=" " ind2=" " tag="260"><subfield code="a">Independence, Iowa :</subfield><subfield code="b">Wm. Toman,</subfield><subfield code="c">-1891.</subfield></datafield><datafield ind1=" " ind2=" " tag="300"><subfield code="a">v. ;</subfield><subfield code="c">71 cm.</subfield></datafield><datafield ind1=" " ind2=" " tag="310"><subfield code="a">Weekly</subfield></datafield><datafield ind1="1" ind2=" " tag="362"><subfield code="a">Began in 1869.</subfield><subfield code="z">Cf. Bibl. of Iowa newspapers.</subfield></datafield><datafield ind1="0" ind2=" " tag="362"><subfield code="a">-v. 26, no. 26 (Jan. 30, 1891).</subfield></datafield><datafield ind1=" " ind2=" " tag="500"><subfield code="a">"County" appears above title ornament, &lt;Mar. 23, 1883-Aug. 8, 1884&gt;.</subfield></datafield><datafield ind1=" " ind2=" " tag="500"><subfield code="a">Publisher varies.</subfield></datafield><datafield ind1=" " ind2=" " tag="500"><subfield code="a">Editor: William Toman, &lt;1873-1876&gt;.</subfield></datafield><datafield ind1=" " ind2=" " tag="515"><subfield code="a">Issues for &lt;Mar. 23, 1883&gt;-Jan. 30, 1891 called also whole no. &lt;920&gt;-1326.</subfield></datafield><datafield ind1=" " ind2=" " tag="588"><subfield code="a">Description based on: Vol. 4, no. 40 (Apr. 2, 1869).</subfield></datafield><datafield ind1=" " ind2=" " tag="752"><subfield code="a">United States</subfield><subfield code="b">Iowa</subfield><subfield code="c">Buchanan</subfield><subfield code="d">Independence.</subfield></datafield><datafield ind1="0" ind2="0" tag="780"><subfield code="t">Buchanan County bulletin and guardian</subfield><subfield code="w">(DLC)sn 87058351</subfield></datafield><datafield ind1="0" ind2="7" tag="785"><subfield code="t">Buchanan County journal</subfield><subfield code="w">(DLC)sn 83025191</subfield></datafield><datafield ind1="0" ind2="7" tag="785"><subfield code="t">Independence bulletin-journal (Independence, Iowa : 1891)</subfield><subfield code="w">(DLC)sn 87058352</subfield></datafield><datafield ind1="1" ind2=" " tag="029"><subfield code="a">AU@</subfield><subfield code="b">000020340152</subfield></datafield></record>